@book{Pharr:2010:PBR:1854996,
  author = {Pharr, Matt and Humphreys, Greg},
  title = {Physically Based Rendering, Second Edition: From Theory To Implementation},
  year = {2010},
  isbn = {0123750792, 9780123750792},
  edition = {2nd},
  publisher = {Morgan Kaufmann Publishers Inc.},
  address = {San Francisco, CA, USA},
}

@misc{jiayin_2017,
  title={Sampling microfacet BRDF}, url={https://agraphicsguy.wordpress.com/2015/11/01/sampling-microfacet-brdf/},
  journal={A Graphics guy's note},
  author={Jiayin, Cao},
  year={2017},
  month={Oct}
}

@misc{scratchapixel_2014,
  title={Introduction to Shading (Reflection, Refraction and Fresnel)},
  url={https://www.scratchapixel.com/lessons/3d-basic-rendering/introduction-to-shading/reflection-refraction-fresnel},
  author={Scratchapixel},
  journal={Scratchapixel},
  year={2014},
  month={Aug}
}

@inproceedings{walter2007microfacet,
  title={Microfacet models for refraction through rough surfaces},
  author={Walter, Bruce and Marschner, Stephen R and Li, Hongsong and Torrance, Kenneth E},
  booktitle={Proceedings of the 18th Eurographics conference on Rendering Techniques},
  pages={195--206},
  year={2007},
  organization={Eurographics Association}
}

@inproceedings{koenderink1996bidirectional,
  title={Bidirectional reflection distribution function expressed in terms of surface scattering modes},
  author={Koenderink, Jan J and Van Doorn, Andrea J and Stavridi, Marigo},
  booktitle={European Conference on Computer Vision},
  pages={28--39},
  year={1996},
  organization={Springer}
}


@misc{taylor_2016,
  title={Microfacet Importance Sampling: For Dummies},
  url={https://www.gamedev.net/blogs/entry/2261786-microfacet-importance-sampling-for-dummies/},
  journal={GameDev.net},
  author={Taylor, Daniel},
  year={2016},
  month={Feb}
}

@misc{hammon_2018,
  place={San Francisco},
  title={PBR Diffuse Lighting for GGX Smith Microsurfaces},
  journal={GDC 2017},
  publisher={Moscone Center},
  author={Hammon, Earl},
  year={2018},
  month={Apr}
}

@online{rii,
  author = {Mikhail N. Polyanskiy},
  title = {Refractive index database},
  url = {https://refractiveindex.info},
  urldate = {2018-04-26}
}

@inproceedings{kajiya1986rendering,
  title={The rendering equation},
  author={Kajiya, James T},
  booktitle={ACM Siggraph Computer Graphics},
  volume={20},
  number={4},
  pages={143--150},
  year={1986},
  organization={ACM}
}
